@article{minerva2015towards,
  title={Towards a definition of the Internet of Things (IoT)},
  author={Minerva, Roberto and Biru, Abyi and Rotondi, Domenico},
  journal={IEEE Internet Initiative},
  volume={1},
  number={1},
  pages={1--86},
  year={2015},
  publisher={IEEE}
}

@MISC{lexico,
	HOWPUBLISHED = "\url{https://www.lexico.com/definition/internet_of_things}",
	TITLE = "Lexico",

}

}
@MISC{cmu,
	HOWPUBLISHED = "\url{https://www.cs.cmu.edu/~coke/}",
	TITLE = "CMU Coke Machine",

}

@MISC{cmu2,
	HOWPUBLISHED = "\url{https://knowyourmeme.com/memes/internet-coke-machine}",
	TITLE = "CMU Coke Machine Pic",
	
}

@MISC{lg,
	HOWPUBLISHED = "\url{https://en.wikipedia.org/wiki/Internet_Digital_DIOS}",
	TITLE = "LG Internet Digital DIOS",
}



@article{ray2018survey,
	title={A survey on Internet of Things architectures},
	author={Ray, Partha Pratim},
	journal={Journal of King Saud University-Computer and Information Sciences},
	volume={30},
	number={3},
	pages={291--319},
	year={2018},
	publisher={Elsevier}
}


